<?xml version="1.0" encoding="UTF-8"?><collection xmlns="http://www.loc.gov/MARC21/slim"><record><leader>00434nam--2200181-i-4500</leader><controlfield tag="001">000002719</controlfield><controlfield tag="002">20161230</controlfield><controlfield tag="003">18659</controlfield><controlfield tag="005">20161230201025</controlfield><controlfield tag="008">060222s1000------------r-----000-0-eng-d</controlfield><datafield ind1=" " ind2=" " tag="040"><subfield code="a">IFIN-HH</subfield></datafield><datafield ind1="1" ind2=" " tag="100"><subfield code="a">Coulson, C. A</subfield></datafield><datafield ind1="1" ind2="0" tag="245"><subfield code="a">Valence</subfield><subfield code="c">C.A. Coulson</subfield></datafield><datafield ind1=" " ind2=" " tag="250"><subfield code="a">Second Edition</subfield></datafield><datafield ind1=" " ind2=" " tag="260"><subfield code="a">Oxford</subfield><subfield code="b">Oxford University Press</subfield><subfield code="c">1961</subfield></datafield><datafield ind1=" " ind2=" " tag="300"><subfield code="a">ix+404 p</subfield></datafield><datafield ind1=" " ind2=" " tag="852"><subfield code="a">18659</subfield><subfield code="c">541</subfield></datafield><datafield ind1=" " ind2=" " tag="CAT"><subfield code="a">Sys</subfield><subfield code="c">20160511</subfield><subfield code="h">092020</subfield></datafield></record></collection>